@INPROCEEDINGS{8104531,
author={F. Babič and J. Olejár and Z. Vantová and J. Paralič},
booktitle={2017 Federated Conference on Computer Science and Information Systems (FedCSIS)},
title={Predictive and descriptive analysis for heart disease diagnosis},
year={2017},
volume={},
number={},
pages={155-163},
keywords={blood vessels;cardiovascular system;decision trees;diseases;electrocardiography;medical disorders;medical signal processing;support vector machines;heart disease database;decision trees;naive Bayes;support vector machine;neural network;stroke;chest pain;heart attack;blocked blood vessels;cardiovascular disease;heart defects;heart rhythm problems;coronary artery disease;blood vessel diseases;heart disease diagnosis;Diseases;Heart;Support vector machines;High definition video;Decision trees;Data mining;Arteries},
doi={10.15439/2017F219},
ISSN={},
month={Sep.},}

@article{dnn,
author = {Caliskan, Abdullah and Emin Yuksel Mehmet},
year = {2017},
month = {10},
pages = {271-277},
title = {Classification of coronary artery disease data sets by using a deep neural network},
volume = {1},
journal = {The EuroBiotech Journal},
doi = {10.24190/ISSN2564-615X/2017/04.03}
}

@article{JMLR:v15:srivastava14a,
  author  = {Nitish Srivastava and Geoffrey Hinton and Alex Krizhevsky and Ilya Sutskever and Ruslan Salakhutdinov},
  title   = {Dropout: A Simple Way to Prevent Neural Networks from Overfitting},
  journal = {Journal of Machine Learning Research},
  year    = {2014},
  volume  = {15},
  pages   = {1929-1958},
  url     = {http://jmlr.org/papers/v15/srivastava14a.html}
}
